@online{assignmentgithub,
    author = "Henry Wilt",
    title = "QuoteServer/Client Assignment Code",
    url  = "https://github.com/hwilt/CS376/tree/main/HW2",
    addendum = "(accessed: 02.15.2022)",
}

@BOOK{textbook,
  title     = "Operating system concepts",
  author    = "Silberschatz, Abraham and Galvin, Peter Baer and Gagne, Greg",
  publisher = "Wiley",
  edition   =  10,
  year      =  2018
}